<marcxml:record xmlns:xlink="http://www.w3.org/1999/xlink" xmlns:marcxml="http://www.loc.gov/MARC21/slim" xmlns:rdf="http://www.w3.org/1999/02/22-rdf-syntax-ns#" xmlns:madsrdf="http://www.loc.gov/mads/rdf/v1#" xmlns:ri="http://id.loc.gov/ontologies/RecordInfo#" xmlns:xsi="http://www.w3.org/2001/XMLSchema-instance" xmlns:mets="http://www.loc.gov/METS/" xmlns:idx="info:lc/xq-modules/lcindex" xmlns:bfidx="info:lc/xq-modules/bfidx" xmlns:semtriples="http://marklogic.com/semantic" xmlns:bf="http://id.loc.gov/ontologies/bibframe/" xmlns:bflc="http://id.loc.gov/ontologies/bflc/" xmlns:bfsimple="http://id.loc.gov/ontologies/bfsimple/" xmlns:dcterms="http://purl.org/dc/terms/">
  <marcxml:leader>02041cam a2200445 i 4500</marcxml:leader>
  <marcxml:controlfield tag="001">22114124</marcxml:controlfield>
  <marcxml:controlfield tag="005">20210810072428.0</marcxml:controlfield>
  <marcxml:controlfield tag="008">210630s2020    ko a     6    000 0 kor  </marcxml:controlfield>
  <marcxml:datafield ind1=" " ind2=" " tag="906">
    <marcxml:subfield code="a">7</marcxml:subfield>
    <marcxml:subfield code="b">cbc</marcxml:subfield>
    <marcxml:subfield code="c">orignew</marcxml:subfield>
    <marcxml:subfield code="d">3</marcxml:subfield>
    <marcxml:subfield code="e">ncip</marcxml:subfield>
    <marcxml:subfield code="f">20</marcxml:subfield>
    <marcxml:subfield code="g">y-nonroman</marcxml:subfield>
  </marcxml:datafield>
  <marcxml:datafield ind1="0" ind2=" " tag="925">
    <marcxml:subfield code="a">acquire</marcxml:subfield>
    <marcxml:subfield code="b">1 shelf copy</marcxml:subfield>
    <marcxml:subfield code="x">SL 2020-12-31</marcxml:subfield>
  </marcxml:datafield>
  <marcxml:datafield ind1=" " ind2=" " tag="955">
    <marcxml:subfield code="a">ve18 2021-07-04 TW Situational</marcxml:subfield>
    <marcxml:subfield code="b">cf21 2021-07-14 TW Situational</marcxml:subfield>
    <marcxml:subfield code="i">cf03 2021-08-09 telework to PresSrvs</marcxml:subfield>
  </marcxml:datafield>
  <marcxml:datafield ind1=" " ind2=" " tag="010">
    <marcxml:subfield code="a">  2021405148</marcxml:subfield>
  </marcxml:datafield>
  <marcxml:datafield ind1=" " ind2=" " tag="020">
    <marcxml:subfield code="a">9791189143145</marcxml:subfield>
  </marcxml:datafield>
  <marcxml:datafield ind1=" " ind2=" " tag="040">
    <marcxml:subfield code="a">DLC</marcxml:subfield>
    <marcxml:subfield code="b">eng</marcxml:subfield>
    <marcxml:subfield code="e">rda</marcxml:subfield>
    <marcxml:subfield code="c">DLC</marcxml:subfield>
  </marcxml:datafield>
  <marcxml:datafield ind1=" " ind2=" " tag="042">
    <marcxml:subfield code="a">pcc</marcxml:subfield>
  </marcxml:datafield>
  <marcxml:datafield ind1=" " ind2=" " tag="043">
    <marcxml:subfield code="a">a-ko---</marcxml:subfield>
  </marcxml:datafield>
  <marcxml:datafield ind1="0" ind2="0" tag="050">
    <marcxml:subfield code="a">DS922.35</marcxml:subfield>
    <marcxml:subfield code="b">.K5274 2020</marcxml:subfield>
  </marcxml:datafield>
  <marcxml:datafield ind1=" " ind2=" " tag="066">
    <marcxml:subfield code="c">$1</marcxml:subfield>
  </marcxml:datafield>
  <marcxml:datafield ind1="1" ind2=" " tag="100">
    <marcxml:subfield code="a">Kim, Hyun Sook,</marcxml:subfield>
    <marcxml:subfield code="e">author.</marcxml:subfield>
  </marcxml:datafield>
  <marcxml:datafield ind1="1" ind2="0" tag="245">
    <marcxml:subfield code="6">880-01</marcxml:subfield>
    <marcxml:subfield code="a">Pimil toksŏ tongari :</marcxml:subfield>
    <marcxml:subfield code="b">ch'aek i kŭmji toen sidae, manhwa ro ponŭn 1980-yŏndae = Banned book club /</marcxml:subfield>
    <marcxml:subfield code="c">Kim Hyŏn-suk, Raiŏn Esŭt'ŭrada kŭl ; Ko Hyŏng-ju kŭrim.</marcxml:subfield>
  </marcxml:datafield>
  <marcxml:datafield ind1="1" ind2="0" tag="880">
    <marcxml:subfield code="6">245-01/$1</marcxml:subfield>
    <marcxml:subfield code="a">비밀 독서 동아리 :</marcxml:subfield>
    <marcxml:subfield code="b">책 이 금지 된 시대, 만화 로 보는 1980년대 = Banned book club /</marcxml:subfield>
    <marcxml:subfield code="c">김 현숙, 라이언 에스트라다 글 ; 고 형주 그림.</marcxml:subfield>
  </marcxml:datafield>
  <marcxml:datafield ind1="3" ind2="1" tag="246">
    <marcxml:subfield code="a">Banned book club</marcxml:subfield>
  </marcxml:datafield>
  <marcxml:datafield ind1=" " ind2=" " tag="250">
    <marcxml:subfield code="6">880-02</marcxml:subfield>
    <marcxml:subfield code="a">Ch'op'an.</marcxml:subfield>
  </marcxml:datafield>
  <marcxml:datafield ind1=" " ind2=" " tag="880">
    <marcxml:subfield code="6">250-02/$1</marcxml:subfield>
    <marcxml:subfield code="a">초판.</marcxml:subfield>
  </marcxml:datafield>
  <marcxml:datafield ind1=" " ind2="1" tag="264">
    <marcxml:subfield code="6">880-03</marcxml:subfield>
    <marcxml:subfield code="a">Sŏul-si :</marcxml:subfield>
    <marcxml:subfield code="b">Idea,</marcxml:subfield>
    <marcxml:subfield code="c">2020.</marcxml:subfield>
  </marcxml:datafield>
  <marcxml:datafield ind1=" " ind2="1" tag="880">
    <marcxml:subfield code="6">264-03/$1</marcxml:subfield>
    <marcxml:subfield code="a">서울시 :</marcxml:subfield>
    <marcxml:subfield code="b">이데아,</marcxml:subfield>
    <marcxml:subfield code="c">2020.</marcxml:subfield>
  </marcxml:datafield>
  <marcxml:datafield ind1=" " ind2=" " tag="300">
    <marcxml:subfield code="a">190, 12 unnumbered pages :</marcxml:subfield>
    <marcxml:subfield code="b">chiefly illustrations ;</marcxml:subfield>
    <marcxml:subfield code="c">21 cm</marcxml:subfield>
  </marcxml:datafield>
  <marcxml:datafield ind1=" " ind2=" " tag="336">
    <marcxml:subfield code="a">still image</marcxml:subfield>
    <marcxml:subfield code="2">rdacontent</marcxml:subfield>
  </marcxml:datafield>
  <marcxml:datafield ind1=" " ind2=" " tag="336">
    <marcxml:subfield code="a">text</marcxml:subfield>
    <marcxml:subfield code="2">rdacontent</marcxml:subfield>
  </marcxml:datafield>
  <marcxml:datafield ind1=" " ind2=" " tag="337">
    <marcxml:subfield code="a">unmediated</marcxml:subfield>
    <marcxml:subfield code="2">rdamedia</marcxml:subfield>
  </marcxml:datafield>
  <marcxml:datafield ind1=" " ind2=" " tag="338">
    <marcxml:subfield code="a">volume</marcxml:subfield>
    <marcxml:subfield code="2">rdacarrier</marcxml:subfield>
  </marcxml:datafield>
  <marcxml:datafield ind1=" " ind2="0" tag="651">
    <marcxml:subfield code="a">Korea (South)</marcxml:subfield>
    <marcxml:subfield code="x">Politics and government</marcxml:subfield>
    <marcxml:subfield code="y">1960-1988</marcxml:subfield>
    <marcxml:subfield code="v">Comic books, strips, etc.</marcxml:subfield>
  </marcxml:datafield>
  <marcxml:datafield ind1=" " ind2="0" tag="650">
    <marcxml:subfield code="a">College students</marcxml:subfield>
    <marcxml:subfield code="x">Political activity</marcxml:subfield>
    <marcxml:subfield code="z">Korea (South)</marcxml:subfield>
    <marcxml:subfield code="x">History</marcxml:subfield>
    <marcxml:subfield code="y">20th century</marcxml:subfield>
    <marcxml:subfield code="v">Comic books, strips, etc.</marcxml:subfield>
  </marcxml:datafield>
  <marcxml:datafield ind1=" " ind2="0" tag="650">
    <marcxml:subfield code="a">Prohibited books</marcxml:subfield>
    <marcxml:subfield code="z">Korea (South)</marcxml:subfield>
    <marcxml:subfield code="x">History</marcxml:subfield>
    <marcxml:subfield code="y">20th century</marcxml:subfield>
    <marcxml:subfield code="v">Comic books, strips, etc.</marcxml:subfield>
  </marcxml:datafield>
  <marcxml:datafield ind1=" " ind2="0" tag="650">
    <marcxml:subfield code="a">Book clubs (Discussion groups)</marcxml:subfield>
    <marcxml:subfield code="z">Korea (South)</marcxml:subfield>
    <marcxml:subfield code="v">Comic books, strips, etc.</marcxml:subfield>
  </marcxml:datafield>
  <marcxml:datafield ind1="1" ind2="0" tag="600">
    <marcxml:subfield code="a">Kim, Hyun Sook</marcxml:subfield>
    <marcxml:subfield code="v">Comic books, strips, etc.</marcxml:subfield>
  </marcxml:datafield>
  <marcxml:datafield ind1="1" ind2=" " tag="700">
    <marcxml:subfield code="a">Estrada, Ryan,</marcxml:subfield>
    <marcxml:subfield code="d">1980-</marcxml:subfield>
    <marcxml:subfield code="e">author.</marcxml:subfield>
  </marcxml:datafield>
  <marcxml:datafield ind1="1" ind2=" " tag="700">
    <marcxml:subfield code="a">Ko, Hyung-Ju,</marcxml:subfield>
    <marcxml:subfield code="e">illustrator.</marcxml:subfield>
  </marcxml:datafield>
  <marcxml:datafield ind1=" " ind2=" " tag="923">
    <marcxml:subfield code="d">20210302</marcxml:subfield>
    <marcxml:subfield code="n">210302</marcxml:subfield>
    <marcxml:subfield code="s">Eulyoo</marcxml:subfield>
  </marcxml:datafield>
  <marcxml:datafield ind1=" " ind2=" " tag="952">
    <marcxml:subfield code="a">Eulyoo order data</marcxml:subfield>
  </marcxml:datafield>
</marcxml:record>
